@article{mnist,
  added-at = {2010-06-28T21:16:30.000+0200},
  author = {LeCun, Yann and Cortes, Corinna},
  groups = {public},
  howpublished = {http://yann.lecun.com/exdb/mnist/},
  keywords = {MSc _checked character_recognition mnist network neural},
  lastchecked = {2016-01-14 14:24:11},
  timestamp = {2016-07-12T19:25:30.000+0200},
  title = {{MNIST} handwritten digit database},
  url = {http://yann.lecun.com/exdb/mnist/},
  username = {mhwombat},
  year = 2010
}

@misc{CImg,
  title = {The CImg Library is a small and open-source C++ toolkit for image processing.},
  howpublished = {\url{https://github.com/dtschump/CImg}},
  note = {Accessed: 2010-09-30}
}

@inproceedings{pytorch,
  title={Automatic differentiation in PyTorch},
  author={Paszke, Adam and Gross, Sam and Chintala, Soumith and Chanan, Gregory and Yang, Edward and DeVito, Zachary and Lin, Zeming and Desmaison, Alban and Antiga, Luca and Lerer, Adam},
  booktitle={NIPS-W},
  year={2017}
}

@proceedings{tensorflow,
  editor    = {Kimberly Keeton and
               Timothy Roscoe},
  title     = {12th {USENIX} Symposium on Operating Systems Design and Implementation,
               {OSDI} 2016, Savannah, GA, USA, November 2-4, 2016},
  publisher = {{USENIX} Association},
  year      = {2016},
  url       = {https://www.usenix.org/conference/osdi16},
  timestamp = {Mon, 07 Nov 2016 14:36:51 +0100},
  biburl    = {https://dblp.org/rec/bib/conf/osdi/2016},
  bibsource = {dblp computer science bibliography, https://dblp.org}
}